@manual{Simpy,
  author = "Team SimPy",
  title = "Simpy - Documentation",
  url  = "https://simpy.readthedocs.io/en/latest/contents.html",
  addendum = "(accessed: 07.2020)"
}
